@MISC{ZIPCodeColorado,
  author = {Mongabay},
  title = {Zip Code Listings for Colorado},
  month = {April},
  note = {},
  howpublished = {\url{http://www.mongabay.com/igapo/zip_codes/CO.htm}},
  year = {2011},
}
@MISC{JerusalemSyndrom,
  author = {{Wikipedia}},
  title = {Jerusalem-Syndrom},
  month = {März},
  howpublished = {\url{http://de.wikipedia.org/wiki/Jerusalem-Syndrom}},
  year = {2011},
}
@MISC{Auszeichnungen,
  author = {{Wikipedia}},
  title = {Simpsons -- Auszeichnungen},
  howpublished = {\url{http://de.wikipedia.org/wiki/Die_Simpsons}},
  year = {2007},
}
@MISC{Bibel,
  author = {{Johannes Evangelium}},
  title = {Bibel-Online},
  howpublished = {\url{http://www.bibel-online.net/buch/43.johannes/14.html}},
  year = {2007},
}
@MISC{BrainHumor,
  author = {{Mobbs, Dean} and {Hagan, Cindy C.} and {Azim, Eiman} and {Menon, Vinod} and {Reiss, Allan L.}},
  title = {Personality predicts activity in reward and emotional regions associated with humor},
  month = {November},
  howpublished = {\url{http://www.pnas.org/content/102/45/16502.full.pdf}},
  year = {2005},
}
@MISC{CNET,
  author = {{CNET Networks}},
  title = {Simpsons},
  howpublished = {\url{http://www.tv.com/the-simpsons/show/146/summary.html}},
  year = {2005},
}
@MISC{ET742,
  author = {{742 EvergreenTerrace}},
  title = {Who Is Who In Springfield?},
  howpublished = {\url{http://www.742et.de/wiw.php?seite=5}},
  year = {2008},
  owner = {Markus Flingelli},
  timestamp = {2008.03.24},
}
@MISC{Epguides,
  author = {{Diverse}},
  title = {\glqq The Simpsons\grqq -Episodenführer},
  howpublished = {\url{http://www.epguides.de/}},
  year = {2005},
}
@MISC{Fernsehserien,
  author = {{Fernsehserien}},
  title = {Episodenführer -- Die Simpsons},
  howpublished = {\url{http://www.fernsehserien.de/index.php?serie=0631&seite=12}},
  year = {2010},
}
@MISC{FlughafenKentucky,
  author = {{ConnQuest}},
  title = {USA Airports and Airlines},
  year = {2005},
}
@MISC{GelbRegiertDieWelt,
  author = {{einestages Zeitgeschichten auf Spiegel Online}},
  title = {Gelb regiert die Welt},
  howpublished = {\url{http://einestages.spiegel.de/static/topicalbumbackground/5342/gelb_regiert_die_welt.html}},
  year = {2009},
}
@MISC{NeueStimmeNichtsDahinter,
  author = {{Giammarco, Francesco}},
  title = {Homer Simpson: Neue Stimme, nichts dahinter},
  howpublished = {\url{http://www.spiegel.de/kultur/tv/homer-simpson-in-neuer-staffel-neue-stimme-nichts-dahinter-a-1110216.html}},
  day = 31,
  month = aug,
  year = {2016},
}
@MISC{NeueStimme,
  author = {{Spiegel Online}},
  title = {Neue Stimme für Homer Simpson: \glqq Von der Figur sind sie sich nicht un"ahnlich\grqq },
  howpublished = {\url{http://www.spiegel.de/kultur/tv/die-simpsons-homer-simpson-bekommt-neue-deutsche-stimme-a-1110031.html}},
  day = 30,
  month = aug,
  year = {2016},
}
@MISC{Goodall,
  author = {{Wikipedia}},
  title = {Jane Goodall},
  howpublished = {\url{http://de.wikipedia.org/wiki/Jane_Goodall}},
  year = {2006},
}
@MISC{GreatestCharacters,
  author = {{Vary, Adam B.}},
  title = {The 100 Greatest Characters of the last 20 Years: Here's our full list!},
  howpublished = {\url{http://popwatch.ew.com/2010/06/01/100-greatest-characters-of-last-20-years-full-list/}},
  year = {2010},
}
@BOOK{Halpern,
  author = {{Halpern, Paul}},
  publisher = {Rohwohlt Taschenbuch Verlag},
  title = {Schule ist was für Versager},
  year = {2007},
  owner = {Markus Flingelli},
  timestamp = {2008.09.14},
}
@MISC{HenryKeazor,
  author = {{WDR}},
  title = {Die Simpsons sind Weltliteratur},
  month = {M\"arz},
  howpublished = {\url{http://www.wdr.de/themen/kultur/literatur/litcologne/2008/080306.jhtml?rubrikenstyle=kultur}},
  year = {2008},
  owner = {Markus Flingelli},
  timestamp = {2008.03.07},
}
@MISC{Hibbert,
  author = {{Biedermann, Manuel}},
  title = {Dr. Hibbert Seite},
  howpublished = {\url{http://simpsons001.piranho.com/hibbert/index.htm}},
  year = {2005},
}
@MISC{HomerSimpsonGen,
  author = {{Spiegel Online}},
  title = {\glqq Homer-Simpson-Gen\grqq\ macht Mäuse dümmer},
  journal = {Spiegel},
  month = {September},
  howpublished = {\url{http://www.spiegel.de/wissenschaft/natur/0,1518,718472,00.html}},
  year = {2010},
}
@MISC{HowardHughes,
  author = {{Wikipedia}},
  title = {Howard Hughes},
  howpublished = {\url{http://de.wikipedia.org/wiki/Howard_Hughes}},
  year = {2007},
}
@ARTICLE{InterviewGroening,
  author = {{Winkler, Willi}},
  title = {Matt Groening über Narren},
  journal = {Süddeutsche Zeitung},
  volume = {7./08. Juli},
  number = {154},
  year = {2007},
}
@MISC{Kaplan,
  author = {{Wikipedia}},
  title = {Gabe Kaplan},
  howpublished = {\url{http://en.wikipedia.org/wiki/Gabe_Kaplan}},
  year = {2006},
}
@MISC{KostenBaby,
  author = {{Gill, Andrew}},
  title = {The alt.tv.simpsons MINI-FAQ: CBG-FAQ},
  howpublished = {\url{http://www.faqs.org/faqs/tv/simpsons/mini-faq/}},
  year = {2005},
}
@MISC{MardiGras,
  author = {{magazinUSA.com}},
  title = {Mardi Gras, Karneval der Südstaaten},
  howpublished = {\url{http://magazinusa.com/lv2/inside/i_mardigras.asp}},
  year = {2005},
}
@MISC{MargePlayboyCover,
  author = {{Süddeutsche Zeitung}},
  title = {Marge Simpson als Bunnie},
  howpublished = {\url{http://www.sueddeutsche.de/leben/168/490544/text/}},
  year = {2009},
}
@MISC{NewSpringfield,
  author = {{New Springfield}},
  title = {New Springfield},
  howpublished = {\url{http://nesp.simpsonsparadise.de/wbb2/archive/index.html}},
  year = {2005},
}
@MISC{OffizielleHomepage,
  author = {{Groening, Matt}},
  title = {The Simpsons},
  howpublished = {\url{http://www.thesimpsons.com/}},
  year = {2005},
}
@MISC{PRO7St01,
  author = {{ProSieben}},
  title = {Episodenführer},
  howpublished = {\url{http://www.prosieben.de/spielfilm_serie/simpsons/episodenguide/}},
  year = {2007},
}
@MISC{PRO7St11,
  author = {{ProSieben}},
  title = {Episodenführer Staffel 11},
  howpublished = {\url{http://www.wunder.de/spielfilm_serie/simpsons/episodenguide/staffel_11/00451/}},
  year = {2005},
}
@MISC{ProSimpsons,
  author = {{Diverse}},
  title = {Pro Simpsons -- Rettet die Simpsons},
  howpublished = {\url{http://pro-simpsons.de/infos.html}},
  year = {2007},
}
@MISC{RicardoBomba,
  author = {{The Huffington Post}},
  title = {Ricardo Bomba: New \grqq Simpsons\grqq\ Character Contest Winner Chosen!},
  month = {November},
  howpublished = {\url{http://www.huffingtonpost.com/2009/11/19/ricardo-bomba-new-simpson_n_363444.html}},
  year = {2009},
}
@MISC{SOTB,
  author = {{Sax On The Beach}},
  title = {Die Simpsons},
  howpublished = {\url{http://www.die-simpsons.de/}},
  year = {2005},
}
@MISC{Sievers,
  author = {{Sievers}},
  title = {Siev's Homepage},
  howpublished = {\url{http://stud-www.uni-marburg.de/~Sieverss/simpsons_character.html}},
  year = {2005},
}
@MISC{Simpsons001,
  author = {{Simpsons001}},
  title = {Die Simpsons Fanpage mit Fanclub},
  howpublished = {\url{http://simpsons001.de/}},
  year = {2005},
}
@MISC{SimpsonsBanksy,
  author = {{Reißmann, Ole}},
  title = {Banksy zeigt die \glqq Simpsons\grqq -Hölle},
  journal = {Spiegel},
  month = {Oktober},
  howpublished = {\url{http://www.spiegel.de/kultur/tv/0,1518,722425,00.html}},
  year = {2010},
}
@MISC{SimpsonsBanksyVideoSperren,
  author = {{Reißmann, Ole}},
  title = {Filmstudio lässt Banksy-Clip löschen},
  journal = {Spiegel},
  month = {Oktober},
  howpublished = {\url{http://www.spiegel.de/netzwelt/web/0,1518,722569,00.html}},
  year = {2010},
}
@MISC{SimpsonsEmmys2010,
  author = {{Simpsonsnews}},
  title = {Emmys 2010: Zwei Auszeichnungen für die Simpsons},
  month = {Oktober},
  howpublished = {\url{http://simpsonsnews.de/news1748.html}},
  year = {2010},
}
@MISC{SimpsonsKatholisch,
  author = {{Welt Online}},
  title = {Wie katholisch ist Homer Simpson?},
  month = {Oktober},
  howpublished = {\url{http://www.welt.de/fernsehen/article10441425/Wie-katholisch-ist-Homer-Simpson.html}},
  year = {2010},
}
@MISC{Simpsonspedia,
  author = {{Diverse}},
  title = {Simpsonspedia},
  howpublished = {\url{http://simpsonspedia.net/}},
  year = {2006},
}
@MISC{Sprecherliste,
  author = {{Wikipedia}},
  title = {Liste der Synchronsprecher},
  howpublished = {\url{http://de.wikipedia.org/wiki/Simpsons}},
  year = {2005},
}
@MISC{SpringfieldAt,
  author = {{Diverse}},
  title = {Willkommen in Springfield},
  howpublished = {\url{http://www.springfield.at/}},
  year = {2005},
}
@MISC{SpringfieldShopper,
  author = {{Schwiening, Sebastian } and {Schwarze, Tobias}},
  title = {Springfield Shopper},
  howpublished = {\url{http://springfield-shopper.de/}},
  year = {2005},
}
@MISC{SpringfieldShopper2,
  author = {{Springfield-Shopper}},
  title = {Bürger von Springfield},
  howpublished = {\url{http://springfield-shopper.de/Information/whoiswho_bewohner.shtml}},
  year = {2007},
}
@MISC{Stoiber,
  author = {{Fischer, Sebastian}},
  title = {Stoibers Glaubensgipfel},
  journal = {Spiegel},
  month = {Juni},
  howpublished = {\url{http://www.spiegel.de/politik/deutschland/0,1518,419948,00.html}},
  year = {2006},
  owner = {Markus Flingelli},
  timestamp = {2008.09.07},
}
@MISC{SundanceKid,
  author = {{Nickle, Jerry}},
  title = {The Sundance Kid and Henry Long},
  howpublished = {\url{http://www.sundancekidhenrylong.com/}},
  year = {2006},
}
@MISC{Synchronkartei,
  author = {{Schowanek, Martin}},
  title = {Deutsche Synchrondatei},
  month = {12},
  howpublished = {\url{http://www.synchronkartei.de/index.php5?action=show&type=serie&id=2991}},
  year = {2008},
  owner = {Markus Flingelli},
  timestamp = {2008.12.07},
}
@MISC{Taft,
  author = {{The White House}},
  title = {William Howard Taft},
  howpublished = {\url{http://www.whitehouse.gov/history/presidents/wt27.html}},
  year = {2006},
}
@MISC{Todesstrafe,
  author = {{Kahr, Michael}},
  title = {Todesstrafe},
  howpublished = {\url{http://www.todesstrafe.de/thema/laender/usa/state.php?state=Californien}},
  year = {2005},
}
@MISC{Venzuela,
  author = {{Spiegel Online}},
  title = {\glqq Baywatch\grqq\ statt Bart Simpson},
  month = {April},
  howpublished = {\url{http://www.spiegel.de/kultur/gesellschaft/0,1518,546242,00.html}},
  year = {2008},
  owner = {Markus Flingelli},
  timestamp = {2008.09.07},
}
@MISC{WikiAwards,
  author = {{Wikipedia}},
  title = {List of awards won by The Simpsons},
  month = {Oktober},
  howpublished = {\url{http://en.wikipedia.org/wiki/List_of_awards_won_by_The_Simpsons}},
  year = {2008},
  owner = {Markus Flingelli},
  timestamp = {2008.10.04},
}
@MISC{WikiElmo,
  author = {{Wikipedia}},
  title = {Elmo},
  howpublished = {\url{http://en.wikipedia.org/wiki/Elmo}},
  year = {2006},
}
@MISC{WikiEnChalmers,
  author = {{Wikipedia}},
  title = {Springfield Elementary School},
  howpublished = {\url{http://en.wikipedia.org/wiki/Superintendent_Chalmers}},
  year = {2005},
}
@MISC{WikiEnLenny,
  author = {{Wikipedia}},
  title = {Lenny Leonard},
  howpublished = {\url{http://en.wikipedia.org/wiki/Lenny_Leonard}},
  year = {2005},
}
@MISC{WikiMachuPicchu,
  author = {{Wikipedia}},
  title = {Machu Picchu},
  howpublished = {\url{http://de.wikipedia.org/wiki/Machu_Picchu}},
  year = {2009},
}
@MISC{Wikipedia,
  author = {{Wikipedia}},
  title = {Die Simpsons},
  howpublished = {\url{http://de.wikipedia.org/}},
  year = {2005},
}
@MISC{WikipediaRonTaylor,
  author = {{Wikipedia}},
  title = {Ron Taylor (actor)},
  howpublished = {\url{http://en.wikipedia.org/wiki/Ron_Taylor_\%28actor\%29}},
  year = {2006},
}
@MISC{emmyaward,
  author = {{Emmy Awards}},
  title = {Academy of Television Arts \& Sciences:},
  howpublished = {\url{http://www.emmys.tv/awards/awardsearch.php}},
  year = {2007},
}
@MISC{imdb,
  author = {{The Internet Movie Database}},
  title = {Filmpreise \glqq The Simpsons\grqq},
  howpublished = {\url{http://german.imdb.com/title/tt0096697/awards}},
  year = {2007},
}
@MISC{itchy,
  author = {{Leidel, Martin}},
  title = {Die Itchy \& Scratchy Fanpage},
  howpublished = {\url{http://www.itchy-und-scratchy.de/}},
  year = {2007},
}
@MISC{simpsonsderfilm,
  author = {{Wikipedia}},
  title = {Die Simpsons -- Der Film},
  howpublished = {\url{http://de.wikipedia.org/wiki/Die_Simpsons_\%E2\%80\%93_Der_Film}},
  year = {2008},
}
@MISC{snpp,
  author = {{SNPP}},
  title = {The Simpsons Archive},
  howpublished = {\url{http://www.snpp.com/}},
  year = {2005},
}
@MISC{uloc,
  author = {{Diverse}},
  title = {Uter's Land of Chocolate},
  howpublished = {\url{http://uloc.nerdtank.org/}},
  year = {2005},
}
@MISC{FrinkRules,
  author = {{Cherry, James A.}},
  title = {3-d Homer in Treehouse of Horror VI 3F04 (10/30/90)},
  howpublished = {\url{http://mathsci2.appstate.edu/~sjg/math/mathsimpsonstext.html\#3dhomer}},
  year = {2011},
}
@MISC{CompaqFAQ,
  author = {Compaq},
  title = {Compaq FAQ: Where do I find the \grqq Any\grqq\ key on my keyboard? (FAQ2859)},
  howpublished = {\url{http://web.archive.org/web/20070627063024/http://www29.compaq.com/falco/detail.asp?FAQnum=FAQ2859}},
  year = {2011},
}
@MISC{MooresLaw,
  author = {Intel},
  title = {Moore's Law},
  howpublished = {\url{http://www.intel.com/technology/mooreslaw/index.htm}},
  year = {2011},
}
@MISC{ThomasJWatson,
  author = {Wikipedia},
  title = {Thomas J. Watson},
  howpublished = {\url{http://de.wikipedia.org/wiki/Thomas_J._Watson}},
  year = {2011},
}
@Misc{DavidXCohenC,
	author = {{Greenwald, Sarah J.}},
	title  ={David X. Cohen's Fermat Near-Miss Finders in C},
	year = {2011},
	howpublished = {\url{http://mathsci2.appstate.edu/~sjg/futurama/nearmiss.html}}
}
@Misc{IranMullahs,
	author = {{Spiegel Online}},
	title  ={Mullahs verbannen Homer Simpson},
	month = {Februar},
	year = {2012},
	howpublished = {\url{http://www.spiegel.de/panorama/0,1518,813605,00.html}}
}
@Misc{Smithsonian,
	author = {{De La Roca, Claudia}},
	title  ={Matt Groening Reveals the Location of the Real Springfield},
	year = {2012},
	howpublished = {\url{http://www.smithsonianmag.com/arts-culture/Matt-Groening-Reveals-the-Location-of-the-Real-Springfield.html}}
}
@Misc{FaradayKonstante,
	author = {{National Institute of Standards and Technology}},
	title  ={The NIST Reference on Constants, Units, and Uncertainty},
	year = {2012},
	howpublished = {\url{http://physics.nist.gov/cgi-bin/cuu/Value?f}}
}
@Misc{WikipediaBeltracchi,
	author = {{Wikipedia}},
	title  ={Wolfgang Beltracchi},
	year = {2015},
	howpublished = {\url{http://de.wikipedia.org/wiki/Wolfgang_Beltracchi}}
}
@BOOK{Singh,
  author = {{Singh, Simon}},
  publisher = {Carl Hanser Verlag},
  title = {Homer's letzter Satz},
  year = {2013},
}
@Misc{ZeitSingh,
	author = {{Singh, Simon}},
	title  ={Homers Formel},
	journal = {Zeit Online},
	month = {November},
	year = {2013},
	howpublished = {\url{http://www.zeit.de/2013/46/mathematik-fernsehserie-simpsons}}
}
@Misc{Serienrekord,
	author = {{Spiegel Online}},
	title  ={Homer und Marge sichern sich Serienrekord},
	month = {November},
	year = {2016},
	howpublished = {\url{http://www.spiegel.de/kultur/tv/die-simpsons-erfolgsserie-bekommt-zwei-weitere-staffeln-a-1119895.html}}
}
@Misc{UoG,
	author = {{University of Glasgow}},
	title  ={D'Oh! The Simpsons Introduce Philosophy},
	month = {November},
	year = {2016},
	howpublished = {\url{http://www.gla.ac.uk/study/short/book/\#/course/ADED9109D}}
}
@Misc{Will17,
	author = {{Will, Markus}},
	title  ={Zahlen, bitte! 12 -- Die erhabene Teilerin küsst in 3D},
	day = 12,
	month = {Dezember},
	year = {2017},
	howpublished = {\url{https://www.heise.de/newsticker/meldung/Zahlen-bitte-12-Die-erhabene-Teilerin-kuesst-in-3D-3914832.html?wt_mc=rss.ho.beitrag.rdf}}
}
@Misc{FAZ17,
	author = {{Schmidt, Friedrich}},
	title  ={Bewährungsstrafe für Pokemón-Spielen in Kirche},
	day = 11,
	month = {Mai},
	year = {2017},
	howpublished = {\url{http://www.faz.net/aktuell/gesellschaft/pokemon-in-kirche-haft-fuer-russischen-blogger-15010607.html}}
}
@Misc{SVZ18,
	author = {{Chirvi, Christopher}},
	title  ={Einkaufen wie bei den Simpsons: Erster echter Kwik-E-Mart eröffnet},
	day = 20,
	month = {August},
	year = {2018},
	howpublished = {\url{https://www.svz.de/deutschland-welt/panorama/Einkaufen-wie-bei-den-Simpsons-Erster-echter-Kwik-E-Mart-eroeffnet-id20765962.html}}
}
@Misc{Tel18,
	author = {{The Telegraph}},
	title  ={Matt Groening finally tells the story behind Michael Jackson's Simpsons cameo},
	day = {31},
	month = {August},
	year = {2018},
	howpublished = {\url{https://www.telegraph.co.uk/tv/2018/08/31/matt-groening-finally-tells-story-behind-michael-jacksons-simpsons/}}
}